@inproceedings{courville2011spike,
  title={A spike and slab restricted Boltzmann machine},
  author={Courville, Aaron C and Bergstra, James and Bengio, Yoshua},
  booktitle={International Conference on Artificial Intelligence and Statistics},
  pages={233--241},
  year={2011}
}

@article{courville2013spike,
  title={The Spike-and-Slab RBM and Extensions to Discrete and Sparse Data Distributions},
  author={Courville, Aaron and Desjardins, Guillaume and Bergstra, James and Bengio, Yoshua},
  year={2013},
  journal={Pattern Analysis and Machine Intelligence, IEEE Transactions on},
  publisher={IEEE}
}

@article{luo2012texture,
  title={Texture modeling with convolutional spike-and-slab RBMs and deep extensions},
  author={Luo, Heng and Carrier, Pierre Luc and Courville, Aaron and Bengio, Yoshua},
  journal={arXiv preprint arXiv:1211.5687},
  year={2012}
}

@article{cifar,
  title={Learning multiple layers of features from tiny images},
  author={Krizhevsky, Alex and Hinton, Geoffrey},
  journal={Computer Science Department, University of Toronto, Tech. Rep},
  year={2009},
  publisher={Citeseer}
}


